<record><leader>00000cas a22000007a 4500</leader><controlfield tag="001">8802425</controlfield><controlfield tag="008">820924d18441867aruwr ne      0    0eng  </controlfield><datafield ind1=" " ind2=" " tag="010"><subfield code="a">sn 82015027 </subfield></datafield><datafield ind1=" " ind2=" " tag="040"><subfield code="a">DLC</subfield><subfield code="b">eng</subfield><subfield code="c">DLC</subfield><subfield code="d">NPX</subfield><subfield code="d">DLC</subfield><subfield code="d">PPM</subfield><subfield code="d">DLC</subfield><subfield code="d">ANU</subfield><subfield code="d">TGN</subfield><subfield code="d">OCLCO</subfield><subfield code="d">OCLCQ</subfield><subfield code="d">OCLCF</subfield><subfield code="d">CUS</subfield></datafield><datafield ind1=" " ind2=" " tag="042"><subfield code="a">msc</subfield></datafield><datafield ind1=" " ind2=" " tag="043"><subfield code="a">n-us-ar</subfield></datafield><datafield ind1="0" ind2="0" tag="050"><subfield code="a">Newspaper 7087-X</subfield></datafield><datafield ind1="1" ind2="4" tag="050"><subfield code="a">AN</subfield></datafield><datafield ind1="0" ind2=" " tag="130"><subfield code="a">Ouachita herald (Camden, Ark. : 1844)</subfield></datafield><datafield ind1="1" ind2="4" tag="245"><subfield code="a">The Ouachita herald.</subfield></datafield><datafield ind1=" " ind2=" " tag="260"><subfield code="a">Camden, Ark. :</subfield><subfield code="b">James A. Jones</subfield></datafield><datafield ind1=" " ind2=" " tag="300"><subfield code="a">volumes :</subfield><subfield code="b">illustrations ;</subfield><subfield code="c">61-68 cm.</subfield></datafield><datafield ind1=" " ind2=" " tag="310"><subfield code="a">Weekly</subfield></datafield><datafield ind1=" " ind2=" " tag="336"><subfield code="a">text</subfield><subfield code="b">txt</subfield><subfield code="2">rdacontent</subfield></datafield><datafield ind1=" " ind2=" " tag="337"><subfield code="a">unmediated</subfield><subfield code="b">n</subfield><subfield code="2">rdamedia</subfield></datafield><datafield ind1=" " ind2=" " tag="338"><subfield code="a">volume</subfield><subfield code="b">nc</subfield><subfield code="2">rdacarrier</subfield></datafield><datafield ind1="1" ind2=" " tag="362"><subfield code="a">Began in 1844? Ceased in 1867?</subfield></datafield><datafield ind1=" " ind2=" " tag="515"><subfield code="a">Suspended 1862-&lt;1865&gt;. Cf. Allsopp, F.W. Hist. of the Ark. press.</subfield></datafield><datafield ind1=" " ind2=" " tag="580"><subfield code="a">Continues: Camden herald (non-extant).</subfield></datafield><datafield ind1=" " ind2=" " tag="588"><subfield code="a">Description based on: Vol. 6, no. 12 (Mar. 22, 1855).</subfield></datafield><datafield ind1=" " ind2="0" tag="651"><subfield code="a">Camden (Ark.)</subfield><subfield code="v">Newspapers.</subfield></datafield><datafield ind1=" " ind2="0" tag="651"><subfield code="a">Ouachita County (Ark.)</subfield><subfield code="v">Newspapers.</subfield></datafield><datafield ind1=" " ind2="7" tag="651"><subfield code="a">Arkansas</subfield><subfield code="z">Camden.</subfield><subfield code="2">fast</subfield><subfield code="0">(OCoLC)fst01215698</subfield></datafield><datafield ind1=" " ind2="7" tag="651"><subfield code="a">Arkansas</subfield><subfield code="z">Ouachita County.</subfield><subfield code="2">fast</subfield><subfield code="0">(OCoLC)fst01217833</subfield></datafield><datafield ind1=" " ind2="7" tag="655"><subfield code="a">Newspapers.</subfield><subfield code="2">fast</subfield><subfield code="0">(OCoLC)fst01423814</subfield></datafield><datafield ind1=" " ind2=" " tag="752"><subfield code="a">United States</subfield><subfield code="b">Arkansas</subfield><subfield code="c">Ouachita</subfield><subfield code="d">Camden.</subfield></datafield><datafield ind1="1" ind2="0" tag="780"><subfield code="t">Camden herald (Camden, Ark.)</subfield></datafield><datafield ind1="0" ind2="7" tag="785"><subfield code="t">Constitutional eagle</subfield><subfield code="w">(DLC)sn 89051431</subfield><subfield code="w">(OCoLC)20650148</subfield></datafield><datafield ind1="0" ind2="7" tag="785"><subfield code="t">Herald and eagle</subfield><subfield code="w">(DLC)sn 89051430</subfield><subfield code="w">(OCoLC)20650159</subfield></datafield><datafield ind1="1" ind2=" " tag="029"><subfield code="a">AU@</subfield><subfield code="b">000025826013</subfield></datafield></record>